[gd_scene load_steps=9 format=2]

[ext_resource path="res://assets/Strecke_smal_Curve.obj" type="ArrayMesh" id=1]

[sub_resource type="SpatialMaterial" id=1]
albedo_color = Color( 0.823529, 0.352941, 0.294118, 1 )
emission_enabled = true
emission = Color( 0.823529, 0.352941, 0.294118, 1 )
emission_energy = 1.0
emission_operator = 0
emission_on_uv2 = false

[sub_resource type="SpatialMaterial" id=2]
albedo_color = Color( 0.54902, 0.54902, 0.54902, 1 )

[sub_resource type="SpatialMaterial" id=3]
albedo_color = Color( 0, 0, 0, 1 )

[sub_resource type="SpatialMaterial" id=4]
albedo_color = Color( 0.54902, 0.54902, 0.54902, 1 )
metallic = 1.0

[sub_resource type="BoxShape" id=5]
extents = Vector3( 7.5, 1, 7.5 )

[sub_resource type="PhysicsMaterial" id=6]
rough = true
bounce = 1.0

[sub_resource type="CylinderShape" id=7]
radius = 0.9

[node name="small_curve" type="Spatial"]

[node name="small_curve_m" type="MeshInstance" parent="."]
transform = Transform( -4.37114e-008, 0, 1, 0, 1, 0, -1, 0, -4.37114e-008, 0, 0, 0 )
mesh = ExtResource( 1 )
material/0 = SubResource( 1 )
material/1 = SubResource( 2 )
material/2 = SubResource( 3 )
material/3 = SubResource( 4 )

[node name="floor_sb" type="StaticBody" parent="."]
transform = Transform( -4.37114e-008, 0, 1, 0, 1, 0, -1, 0, -4.37114e-008, 0, 0, 0 )

[node name="floor_cs" type="CollisionShape" parent="floor_sb"]
transform = Transform( 1, 0, 0, 0, 1, 0, 0, 0, 1, 0, -1, 0 )
shape = SubResource( 5 )

[node name="side_sb" type="StaticBody" parent="."]
transform = Transform( -4.37114e-008, 0, 1, 0, 1, 0, -1, 0, -4.37114e-008, 0, 0, 0 )
physics_material_override = SubResource( 6 )

[node name="side_cs" type="CollisionShape" parent="side_sb"]
transform = Transform( 1, 0, 0, 0, 1, 0, 0, 0, 1, 6.6, 1, -6.6 )
shape = SubResource( 7 )

[node name="side_cp" type="CollisionPolygon" parent="side_sb"]
transform = Transform( 1, 0, 0, 0, -4.37114e-008, 1, 0, -1, -4.37114e-008, 0, 3, 0 )
depth = 6.0
polygon = PoolVector2Array( -7.5, 7.5, -7.19215, 3.59373, -6.03187, 0.170686, -3.57655, -3.45097, -0.295957, -5.73755, 3.16827, -6.91989, 7.5, -7.5, 7.5, -6.5, 3.8934, -5.8605, 0.486013, -4.65722, -2.40506, -2.89152, -5.16639, 0.465343, -6.2841, 4.0814, -6.5, 7.5 )
