[gd_scene load_steps=9 format=2]

[ext_resource path="res://assets/Strecke_big_Curve_without_ rand.obj" type="ArrayMesh" id=1]

[sub_resource type="SpatialMaterial" id=5]
albedo_color = Color( 0.54902, 0.54902, 0.54902, 1 )

[sub_resource type="SpatialMaterial" id=6]
albedo_color = Color( 0.823529, 0.352941, 0.294118, 1 )
emission_enabled = true
emission = Color( 0.823529, 0.352941, 0.294118, 1 )
emission_energy = 1.0
emission_operator = 0
emission_on_uv2 = false

[sub_resource type="ConvexPolygonShape" id=1]
points = PoolVector3Array( -15, 0, 0, -15, -2, 0, -6, 0, -1, -6, -2, -1, -10, -6, -10, -10, -8, -10, -15, -6, -10, -15, -8, -10 )

[sub_resource type="ConvexPolygonShape" id=2]
points = PoolVector3Array( 0, 0, -15, 0, -2, -15, -1, 0, -6, -1, -2, -6, -10, -6, -10, -10, -8, -10, -10, -6, -15, -10, -8, -15 )

[sub_resource type="ConvexPolygonShape" id=3]
points = PoolVector3Array( -6, 0, -1, -6, -2, -1, -1, 0, -6, -1, -2, -6, -10, -6, -10, -10, -8, -10 )

[sub_resource type="BoxShape" id=4]
extents = Vector3( 2.5, 1, 2.5 )

[sub_resource type="PhysicsMaterial" id=7]
rough = true
bounce = 1.0

[node name="big_curve_ sand" type="Spatial"]

[node name="big_curve_ sand" type="MeshInstance" parent="."]
mesh = ExtResource( 1 )
material/0 = SubResource( 5 )
material/1 = SubResource( 6 )

[node name="floor_sb" type="StaticBody" parent="."]

[node name="floor_cp" type="CollisionPolygon" parent="floor_sb"]
transform = Transform( 1, 0, 0, 0, -4.37114e-008, 1, 0, -1, -4.37114e-008, 0, -1, 0 )
depth = 2.0
polygon = PoolVector2Array( 15, 15, 0, 15, -1, 6, -6, 1, -15, 0, -15, -15, 15, -15 )

[node name="floor_cs_0" type="CollisionShape" parent="floor_sb"]
shape = SubResource( 1 )

[node name="floor_cs_1" type="CollisionShape" parent="floor_sb"]
shape = SubResource( 2 )

[node name="floor_cs_2" type="CollisionShape" parent="floor_sb"]
shape = SubResource( 3 )

[node name="floor_cs_3" type="CollisionShape" parent="floor_sb"]
transform = Transform( 1, 0, 0, 0, 1, 0, 0, 0, 1, -12.5, -7, -12.5 )
shape = SubResource( 4 )

[node name="side_sb" type="StaticBody" parent="."]
transform = Transform( -4.37114e-008, 0, 1, 0, 1, 0, -1, 0, -4.37114e-008, 0, 0, 0 )
physics_material_override = SubResource( 7 )

[node name="side_cp" type="CollisionPolygon" parent="side_sb"]
transform = Transform( 1, 0, 0, 0, -4.37114e-008, 1, 0, -1, -4.37114e-008, 0, 3, 0 )
depth = 6.0
polygon = PoolVector2Array( -15, 15, -14.9685, 5.8227, -12.5476, -2.56757, -7.94036, -8.15778, -0.10396, -12.8275, 7.41362, -14.7062, 15, -15, 15, -14, 7.53094, -13.6124, 0.0980458, -11.8753, -6.79847, -7.46497, -11.3291, -1.74347, -13.7098, 6.1892, -14, 15 )
