[gd_scene load_steps=7 format=2]

[ext_resource path="res://assets/Strecke_straight.obj" type="ArrayMesh" id=1]

[sub_resource type="SpatialMaterial" id=1]
albedo_color = Color( 0.823529, 0.352941, 0.294118, 1 )
emission_enabled = true
emission = Color( 0.823529, 0.352941, 0.294118, 1 )
emission_energy = 1.0
emission_operator = 0
emission_on_uv2 = false

[sub_resource type="SpatialMaterial" id=2]
albedo_color = Color( 0.54902, 0.54902, 0.54902, 1 )

[sub_resource type="BoxShape" id=3]
extents = Vector3( 7.5, 1, 7.5 )

[sub_resource type="PhysicsMaterial" id=4]
rough = true
bounce = 1.0

[sub_resource type="BoxShape" id=5]
extents = Vector3( 0.5, 3, 7.5 )

[node name="straight" type="Spatial"]

[node name="straight_m" type="MeshInstance" parent="."]
transform = Transform( -4.37114e-008, 0, -1, 0, 1, 0, 1, 0, -4.37114e-008, 0, 0, 0 )
mesh = ExtResource( 1 )
material/0 = SubResource( 1 )
material/1 = SubResource( 2 )

[node name="floor_sb" type="StaticBody" parent="."]
transform = Transform( -4.37114e-008, 0, -1, 0, 1, 0, 1, 0, -4.37114e-008, 0, 0, 0 )

[node name="floor_cs" type="CollisionShape" parent="floor_sb"]
transform = Transform( 1, 0, 0, 0, 1, 0, 0, 0, 1, 0, -1, 0 )
shape = SubResource( 3 )

[node name="side_sb" type="StaticBody" parent="."]
transform = Transform( -4.37114e-008, 0, -1, 0, 1, 0, 1, 0, -4.37114e-008, 0, 0, 0 )
physics_material_override = SubResource( 4 )

[node name="side_cs_00" type="CollisionShape" parent="side_sb"]
transform = Transform( 1, 0, 0, 0, 1, 0, 0, 0, 1, 7, 3, 0 )
shape = SubResource( 5 )

[node name="side_cs_01" type="CollisionShape" parent="side_sb"]
transform = Transform( 1, 0, 0, 0, 1, 0, 0, 0, 1, -7, 3, 0 )
shape = SubResource( 5 )
